<?xml version="1.0" encoding="UTF-8"?><record xmlns="http://www.loc.gov/MARC21/slim" xmlns:cinclude="http://apache.org/cocoon/include/1.0" xmlns:zs="http://www.loc.gov/zing/srw/">
  <leader>00349nz  a2200133n  4500</leader>
  <controlfield tag="001">no 97027273 </controlfield>
  <controlfield tag="003">DLC</controlfield>
  <controlfield tag="005">19970502052609.6</controlfield>
  <controlfield tag="008">970501n| acannaab|          |n aaa     c</controlfield>
  <datafield tag="010" ind1=" " ind2=" ">
    <subfield code="a">no 97027273 </subfield>
  </datafield>
  <datafield tag="035" ind1=" " ind2=" ">
    <subfield code="a">(OCoLC)oca04331006 </subfield>
  </datafield>
  <datafield tag="040" ind1=" " ind2=" ">
    <subfield code="a">WyU</subfield>
    <subfield code="c">WyU</subfield>
  </datafield>
  <datafield tag="100" ind1="1" ind2="0">
    <subfield code="a">Dolan, Heidi S.</subfield>
  </datafield>
  <datafield tag="670" ind1=" " ind2=" ">
    <subfield code="a">There's an angel in my house ... 1996:</subfield>
    <subfield code="b">t.p. (Heidi S. Dolan)</subfield>
  </datafield>
</record>